1. @article{1,
  title={Gait recognition based on deep learning: a survey},
  author={Filipi Gon{\c{c}}alves dos Santos, Claudio and Oliveira, Diego de Souza and A. Passos, Leandro and Gon{\c{c}}alves Pires, Rafael and Felipe Silva Santos, Daniel and Pascotti Valem, Lucas and P. Moreira, Thierry and Cleison S. Santana, Marcos and Roder, Mateus and Paulo Papa, Jo and others},
  journal={ACM Computing Surveys (CSUR)},
  volume={55},
  number={2},
  pages={1--34},
  year={2022},
  publisher={ACM New York, NY}
}

2. @article{2,
  title={A new method proposed for realizing human gait pattern recognition: inspirations for the application of sports and clinical gait analysis},
  author={Xu, Datao and Zhou, Huiyu and Quan, Wenjing and Jiang, Xinyan and Liang, Minjun and Li, Shudong and Ugbolue, Ukadike Chris and Baker, Julien S and Gusztav, Fekete and Ma, Xin and others},
  journal={Gait \& Posture},
  volume={107},
  pages={293--305},
  year={2024},
  publisher={Elsevier}
}

3. @article{3,
  title={Gait components and their application to gender recognition},
  author={Li, Xuelong and Maybank, Stephen J and Yan, Shuicheng and Tao, Dacheng and Xu, Dong},
  journal={IEEE Transactions on Systems, Man, and Cybernetics, Part C (Applications and Reviews)},
  volume={38},
  number={2},
  pages={145--155},
  year={2008},
  publisher={IEEE}
}

4. @article{4,
  title={Emotion recognition from gait analyses: Current research and future directions},
  author={Xu, Shihao and Fang, Jing and Hu, Xiping and Ngai, Edith and Wang, Wei and Guo, Yi and Leung, Victor CM},
  journal={IEEE Transactions on Computational Social Systems},
  volume={11},
  number={1},
  pages={363--377},
  year={2022},
  publisher={IEEE}
}

Literature review 
5. @article{5,
  title={Gait-CNN-ViT: Multi-model gait recognition with convolutional neural networks and vision transformer},
  author={Mogan, Jashila Nair and Lee, Chin Poo and Lim, Kian Ming and Ali, Mohammed and Alqahtani, Ali},
  journal={Sensors},
  volume={23},
  number={8},
  pages={3809},
  year={2023},
  publisher={MDPI}
}

Handcrafted
6. @inproceedings{6,
  title={Model based gait recognition using weighted KNN},
  author={Sah, Shyamdeep and Panday, Sanjeeb Prasad},
  booktitle={Proceedings of the 8th IOE Graduate Conference},
  pages={1019--1026},
  year={2020}
}

7. @article{7,
  title={A machine learning method with threshold based parallel feature fusion and feature selection for automated gait recognition},
  author={Sharif, Muhammad and Attique, Muhammad and Tahir, Muhammad Zeeshan and Yasmim, Mussarat and Saba, Tanzila and Tanik, Urcun John},
  journal={Journal of Organizational and End User Computing (JOEUC)},
  volume={32},
  number={2},
  pages={67--92},
  year={2020},
  publisher={IGI Global}
}

8. @article{8,
  title={Gait Pattern Recognition based on Multi-sensors Information Fusion through PSO-SVM Model.},
  author={Yu, Lie and Hu, Gaotong and Ding, Lei and Luo, Na and Zhang, Yong},
  journal={Engineering Letters},
  volume={32},
  number={5},
  year={2024}
}

9. @article{9,
  title={A framework for saudi uniform gait recognition based on kinect skeletal tracking.},
  author={Alkhateeb, Jawad Hasan and Owaidah, Ehsan and Turani, Aiman and Marie, Rashiq and Amro, Aladdein M and Mazhar, Ahmad A},
  journal={Int. Arab J. Inf. Technol.},
  volume={21},
  number={2},
  pages={271--279},
  year={2024}
}

Deep learning
10. @article{10,
  title={Gait recognition based on deep learning: a survey},
  author={Santos, Claudio Filipi Gon{\c{c}}alves dos and Oliveira, Diego De Souza and Passos, Leandro A and Pires, Rafael Gon{\c{c}}alves and Santos, Daniel Felipe Silva and Valem, Lucas Pascotti and Moreira, Thierry P and Santana, Marcos Cleison S and Roder, Mateus and Papa, Joao Paulo and others},
  journal={arXiv preprint arXiv:2201.03323},
  year={2022}
}

11. @article{11,
  title={Gaitgl: Learning discriminative global-local feature representations for gait recognition},
  author={Lin, Beibei and Zhang, Shunli and Wang, Ming and Li, Lincheng and Yu, Xin},
  journal={arXiv preprint arXiv:2208.01380},
  year={2022}
}

12. @inproceedings{12,
  title={Watch Where You Head: A View-Biased Domain Gap in Gait Recognition and Unsupervised Adaptation},
  author={Habib, Gavriel and Barzilay, Noa and Shimshi, Or and Ben-Ari, Rami and Darshan, Nir},
  booktitle={Proceedings of the IEEE/CVF Winter Conference on Applications of Computer Vision},
  pages={6109--6119},
  year={2024}
}

13. @article{13,
  title={Gait-ViT: Gait recognition with vision transformer},
  author={Mogan, Jashila Nair and Lee, Chin Poo and Lim, Kian Ming and Muthu, Kalaiarasi Sonai},
  journal={Sensors},
  volume={22},
  number={19},
  pages={7362},
  year={2022},
  publisher={MDPI}
}

14. @article{14,
  title={Gait-CNN-ViT: Multi-model gait recognition with convolutional neural networks and vision transformer},
  author={Mogan, Jashila Nair and Lee, Chin Poo and Lim, Kian Ming and Ali, Mohammed and Alqahtani, Ali},
  journal={Sensors},
  volume={23},
  number={8},
  pages={3809},
  year={2023},
  publisher={MDPI}
}

15. @inproceedings{15,
  title={SkeletonGait: Gait Recognition Using Skeleton Maps},
  author={Fan, Chao and Ma, Jingzhe and Jin, Dongyang and Shen, Chuanfu and Yu, Shiqi},
  booktitle={Proceedings of the AAAI Conference on Artificial Intelligence},
  volume={38},
  number={2},
  pages={1662--1669},
  year={2024}
}

16. @article{16,
  title={An End-to-End Gait Recognition System for Covariate Conditions Using Custom Kernel CNN},
  author={Ali, Babar and Bukhari, Maryam and Maqsood, Muazzam and Moon, Jihoon and Hwang, Eenjun and Rho, Seungmin},
  journal={Heliyon},
  year={2024},
  publisher={Elsevier}
}

17. @article{17,
  title={Hybrid Deep-Learning Framework Based on Gaussian Fusion of Multiple Spatiotemporal Networks for Walking Gait Phase Recognition},
  author={Zhen, Tao and Kong, Jian-lei and Yan, Lei},
  journal={Complexity},
  volume={2020},
  number={1},
  pages={8672431},
  year={2020},
  publisher={Wiley Online Library}
}

18. @article{18,
  title={Human gait analysis using hybrid convolutional neural networks},
  author={Nguyen, Khang and Nguyen, Viet V and Mai, Nga T and Nguyen, An H and Nguyen, Anh V},
  journal={Journal of Computer Science and Cybernetics},
  volume={39},
  number={2},
  pages={125--142},
  year={2023}
}

19. @InProceedings{19,
author = {Fan, Chao and Peng, Yunjie and Cao, Chunshui and Liu, Xu and Hou, Saihui and Chi, Jiannan and Huang, Yongzhen and Li, Qing and He, Zhiqiang},
title = {GaitPart: Temporal Part-Based Model for Gait Recognition},
booktitle = {Proceedings of the IEEE/CVF Conference on Computer Vision and Pattern Recognition (CVPR)},
month = {June},
year = {2020}
}

20. @article{20,
  title={Gait recognition with self-supervised learning of gait features based on vision transformers},
  author={Pin{\v{c}}i{\'c}, Domagoj and Su{\v{s}}anj, Diego and Lenac, Kristijan},
  journal={Sensors},
  volume={22},
  number={19},
  pages={7140},
  year={2022},
  publisher={MDPI}
}

21. @article{21,
  title={Advances in vision-based gait recognition: From handcrafted to deep learning},
  author={Mogan, Jashila Nair and Lee, Chin Poo and Lim, Kian Ming},
  journal={Sensors},
  volume={22},
  number={15},
  pages={5682},
  year={2022},
  publisher={MDPI}
}
